%% To run: bibtex <file>

@article{b:bmad,
  author  = "D. Sagan",
  title   = "Bmad: A relativistic charged particle simulation library",
  journal = "Nuc. Instrum. and Methods in Phys Research A",
  volume  = "558", 
  pages   = "356-359", 
  year    = "2006",
  note    = "\url{http://www.lepp.cornell.edu/~dcs/bmad}"
}

@article{b:tao, 
  author  = "D. Sagan and J. C. Smith", 
  title   = "The {Tao} accelerator simulation program",
  journal = "Proc. 2005 Part. Accel. Conf.",
  volume  = "", 
  pages   = "4159-61", 
  year    = "2005",
  note    = "\url{http://www.lepp.cornell.edu/~dcs/bmad/tao_entry_point.html}"
}

@article{b:ilc, 
  author  = "J. C. Smith, A. Latina, D. Schulte {\em et al}",
  title   = "Comparison of tracking codes for the International Linear Collider",
  journal = "Proceedings of the 2007 Particle Accelerator Conference",
  pages   = "",
  year    = "2007"
}

@article{b:bbu, 
  author  = "J. A. Crittenden, G. H. Hoffstaetter, M. Liepe {\em et al}",
  title   = "Recent Progress On Beam-Breakup Calculations for the Cornell X-Ray {ERL}",
  journal = "Proceedings of the 2009 Particle Accelerator Conference",
  pages   = "",
  year    = "2009"
}

@article{b:touschek, 
  author  = "M. P. Ehrlichman and G. H. Hoffstaetter",
  title   = "Collimating {Touschek} Particles in an Energy Recovery Linear Accelerator",
  journal = "Proceedings of ERL09",
  pages   = "",
  year    = "2009"
}

@article{b:csr, 
  author  = "D. Sagan, G. Hoffstaetter, C. Mayes and U. Sae-Ueng",
  title   = "Extended one-dimensional method for coherent synchrotron radiation including shielding",
  journal = "Physical Review Special Topics - Accelerators and Beams",
  pages   = "040703",
  year    = "2009"
}

@article{b:electron.cloud, 
  author  = "J. A. Crittenden, D. C. Sagan, K. G. Sonnad",
  title   = "Electron Cloud Modeling for the {ILC} Damping Rings",
  journal = "Proceedings of 2011 Particle Accelerator Conference",
  pages   = "",
  year    = "2011"
}

@article{b:phase.coupling.correction,
   author = {{Sagan}, D.},
    title = "{Betatron phase and coupling correction at the Cornell Electron/Positron Storage Ring}",
  journal = "Physical Review Special Topics - Accelerators and Beams",
     year = 2000,
    month = oct,
   volume = 3,
   number = 10,
      eid = {102801},
    pages = {102801},
      doi = {10.1103/PhysRevSTAB.3.102801},
}


@article{b:opal, 
  author  = "A. Adelmann, Ch. Kraus, Y. Ineichen {\em et al}",
  title   = "The Object Oriented Parallel Accelerator Library {(OPAL)}, Design, Implementation and Application",
  journal = "Proceedings of the 2009 Particle Accelerator Conference",
  pages   = "",
  year    = "2009",
  note    = "\url{http://amas.web.psi.ch/docs/}"
}

@article{b:mad, 
  author  = "F. Christoph Iselin",
  title   = "The {MAD} program {(Methodical Accelerator Design)}",
  journal = "CERN/SL/92",
  pages   = "",
  year    = "1992"
}

@article{b:impact,
  author  = "J. Qiang, R. D. Ryne, S. Habib and V. Decyk",
  title   = "An Object-Oriented Parallel Particle-in-Cell Code for Beam Dynamics Simulation in Linear Accelerators",
  journal = "J. Comp. Phys.",
  volume  = "163",
  pages   = "434",
  year    = "2000"
}

@article{b:shadow,
  author  = "C. Welnak, G.~J.~Chena and F. Cerrina",
  title   = "{SHADOW}: A synchrotron radiation and X-ray optics simulation tool",
  journal = "Nuc. Instrum. and Methods in Phys Research A",
  pages   = "344-347",
  year    = "1994"
}

@article{b:kohn, 
  author  = "V. G. Kohn",
  title   = "On the Theory of Reflectivity by an X-Ray Multilayer Mirror",
  journal = "physica status solidi (b)",
  volume  = "187",
  pages   = "61-70",
  year    = "1995"
}

@article{b:crystal, 
  author  = "B. W. Batterman and H. Cole",
  title   = "Dynamical Diffraction of X Rays by Perfect Crystals",
  journal = "Rev. Mod. Phys.",
  volume  = "36",
  pages   = "681--717",
  year    = "1964"
}

@article{b:huotaril, 
  author  = "S. Huotari, T. Pylkk{\"{a}}nen, R. Verbeni {\em et al}",
  title   = "Direct tomography with chemical-bond contrast",
  journal = "Nature Materials, advanced online publication, 29 May 2011",
  pages   = "",
  year    = ""
}

@article{b:phase.coupling.meas, 
  author  = "D. Sagan, R. Meller, R. Littauer and D. Rubin",
  title   = "Betatron phase and coupling measurements at the {Cornell} Electron/Positron Storage Ring",
  journal = "Phys. Rev. ST Accel. Beams",
  volume  = "3", 
  pages   = "092801",
  year    = "2000",
  Note    = "Note: While the paper does not mention it, Bmad is the software being used here for the analysis."
}

@article{b:bmad.lattice.design, 
  author  = "D. Rubin and D. Sagan",
  title   = "{CESR} Lattice Design",
  journal = "Proceedings of the 2001 {IEEE} Particle Accelerator Conference",
  pages   = "",
  year    = "2001"
}

@article{b:schwinger, 
  author  = "J. Schwinger",
  title   = "On the Classical Radiation of Accelerated Electrons",
  journal = "Phys. Rev.",
  volume  = "75",
  pages   = "1912-25",
  year    = "1949"
}

@article{b:erl, 
  author  = "G.H. Hoffstaetter, B. Barstow, I.V. Bazarov {\em et al}",
  title   = "The Cornell ERL prototype project",
  journal = "Proceedings of the 2003 Particle Accelerator Conference",
  pages   = "192-194",
  year    = "2003"
}

@article{b:berz.da,
title = {The method of power series tracking for the mathematical description of beam dynamics},
journal = {Nuclear Instruments and Methods in Physics Research Section A: Accelerators, Spectrometers, Detectors and Associated Equipment},
volume = {258},
number = {3},
pages = {431-436},
year = {1987},
issn = {0168-9002},
doi = {https://doi.org/10.1016/0168-9002(87)90927-2},
url = {https://www.sciencedirect.com/science/article/pii/0168900287909272},
author = {M. Berz},
abstract = {A new method to compute the properties of charged particle optics systems is presented. It is based on the application of operators and functions to a power series algebra instead of real numbers. The method is as versatile as numerical integration methods and comparable to matrix methods in speed and accuracy thus combining the advantages of both strategies. The method has been implemented through fifth order in the code POWERTRACK. Due to the generality of the method, the order can be increased with very little programming effort.}
}

@book{thebook,
author={E. Forest},
title={{Beam Dynamics: A New Attitude and Framework}} ,
publisher={Harwood Academic Publishers},
address={Amsterdam, The Netherlands},
year={1997}}

@book{thenewbook,
author={E. Forest},
title={{From Tracking Code to Analysis: Generalised Courant-Snyder Theory for Any Accelerator Model}} ,
publisher={Springer},
address={Tokyo, Japan},
year={2016}}

@book{theberzbook,
author={M. Berz},
title={{Modern Map Methods in
Particle Beam Physics}} ,
publisher={Academic Press},
address={San Diego, San Francisco, New York, Boston, London, Sydney, Tokyo},
year={1999}}

@article{forestreview,
author={E. Forest },
title={{Geometric integration for particle accelerators}},
journal={J. Phys. A: Math. Gen.},
volume={ 39 },
number={},
pages={5321-5377},
month={},
year={2006},
note={}}

@article{cosy5ham,
author={M. Berz and H. C. Hoffmann and H. Wollnik},
title={},
journal={ Nucl. Instr. and Meth.},
volume={  A258},
number={},
pages={402},
month={},
year={1987},
note={}}

@techreport{slac75,
author={K. L. Brown},
title={{A First and Second Order Matrix Theory for the Design of Beam Transport Systems and Charged Particle Spectrometers}},
institution={SLAC},
number={SLAC Report 75},
month={June},
year={1982},
note={
}}

@techreport{cosy9,
author={K. Makino and M. Berz},
title={{COSY INFINITY Version 9.1}},
journal={Computational accelerator physics. Proceedings, 8th International Conference, ICAP 2004, St. Petersburg, Russia, June 29-July 2},
volume={  },
number={},
pages={346-350},
institution={Michigan State University},
month={June},
year={2004},
note={}}

@article{cosynim,
author={K. Makino and M. Berz },
title={},
journal={ Nucl. Instr. and Meth.},
volume={  A558},
number={},
pages={346-350},
month={},
year={2005},
note={}}

@article{yujordan,
title={{Analysis of nonlinear dynamics by square matrix method}},
journal={Phys. Rev. ST Accel. Beams },
volume={20},
pages={034001},
author={Li Hua Yu},
publisher={},
year={2017}}

@article{deprit,
author={A. Deprit},
title={},
journal={Cel. Mech.},
volume={1},
number={},
pages={12},
note={},
year={1969}}

@article{hori,
author={G. Hori},
title={{Theory of General Perturbations with Unspecified Canonical Variables}},
journal={ Publ. Astr. Soc. Japan  },
volume={18},
number={},
pages={287},
note={},
year={1966}}

@article{horid,
author={G. Hori},
title={{Theory of General Perturbations for Non-Canonical Systems}},
journal={Publ. Astr. Soc. Japan},
volume={23},
number={},
pages={567},
note={},
year={1971}}

@article{suntao,
author={S. T. Wand, V. Khachatryan, and P. Nishikawa},
title={{Lattice design and experimental studies of nonlinear resonance at the Cornell
Electron Storage Ring}},
journal={ Phys. Rev. ST Accel. Beams },
volume={26},
number={},
pages={104001},
month={},
year={2023},
note={}} 

@book{sybook,
author={S. Y. Lee},
title={{Accelerator Physics}} ,
publisher={World Scientific Publishing},
address={Singapore},
year={2004}}


